<?xml version="1.0" encoding="UTF-8"?><record xmlns="http://www.loc.gov/MARC21/slim" xmlns:cinclude="http://apache.org/cocoon/include/1.0" xmlns:zs="http://www.loc.gov/zing/srw/">
  <leader>00535nz  a2200133n  4500</leader>
  <controlfield tag="001">n 2004067061</controlfield>
  <controlfield tag="003">DLC</controlfield>
  <controlfield tag="005">20040121124559.0</controlfield>
  <controlfield tag="008">040121n| acannaabn          |n aaa      </controlfield>
  <datafield tag="010" ind1=" " ind2=" ">
    <subfield code="a">n 2004067061</subfield>
  </datafield>
  <datafield tag="040" ind1=" " ind2=" ">
    <subfield code="a">DLC</subfield>
    <subfield code="b">eng</subfield>
    <subfield code="c">DLC</subfield>
  </datafield>
  <datafield tag="100" ind1="1" ind2=" ">
    <subfield code="a">Shafranov, Vladimir,</subfield>
    <subfield code="d">1948-</subfield>
  </datafield>
  <datafield tag="670" ind1=" " ind2=" ">
    <subfield code="a">Shafranov, Vladimir. White nights, p1992:</subfield>
    <subfield code="b">label (Vladimir Shafranov [in Rom.], piano)</subfield>
  </datafield>
  <datafield tag="670" ind1=" " ind2=" ">
    <subfield code="a">Google web site, Jan. 21, 2004</subfield>
    <subfield code="b">(Vladimir Shafranov; jazz pianist, composer, and arranger; currently lives in New York; b. Dec. 31, 1948 in St. Petersburg, Russia)</subfield>
  </datafield>
</record>